%YAML 1.1
%TAG !u! tag:unity3d.com,2011:
--- !u!241 &24100000
AudioMixerController:
  m_ObjectHideFlags: 0
  m_PrefabParentObject: {fileID: 0}
  m_PrefabInternal: {fileID: 0}
  m_Name: mixer
  m_OutputGroup: {fileID: 0}
  m_MasterGroup: {fileID: 24300001}
  m_Snapshots:
  - {fileID: 24500003}
  m_StartSnapshot: {fileID: 24500003}
  m_SuspendThreshold: -80
  m_EnableSuspend: 1
  m_UpdateMode: 0
  m_ExposedParameters: []
  m_AudioMixerGroupViews:
  - guids:
    - a0e66fa2edb15aa4eb0befa809d782e7
    - db04bbaf658c9354a96c6768caa5adbd
    - d7e91da6869677d49a90fea4dc92ba21
    - 667c2e39cca49b748a2fd60f4bb5b2b1
    name: View
  - guids:
    - a0e66fa2edb15aa4eb0befa809d782e7
    - db04bbaf658c9354a96c6768caa5adbd
    - d7e91da6869677d49a90fea4dc92ba21
    - 667c2e39cca49b748a2fd60f4bb5b2b1
    name: View - Copy
  m_CurrentViewIndex: 1
  m_TargetSnapshot: {fileID: 24500003}
--- !u!243 &24300001
AudioMixerGroupController:
  m_ObjectHideFlags: 0
  m_PrefabParentObject: {fileID: 0}
  m_PrefabInternal: {fileID: 0}
  m_Name: Master
  m_AudioMixer: {fileID: 24100000}
  m_GroupID: a0e66fa2edb15aa4eb0befa809d782e7
  m_Children:
  - {fileID: 243000012421610754}
  - {fileID: 243000011838390998}
  - {fileID: 243000014267335322}
  m_Volume: 99405df8151d4824989c42a8feaec21d
  m_Pitch: ecd86c875ef80e44eb74bcf1cf2befd5
  m_Effects:
  - {fileID: 24400002}
  m_UserColorIndex: 0
  m_Mute: 0
  m_Solo: 0
  m_BypassEffects: 0
--- !u!244 &24400002
AudioMixerEffectController:
  m_ObjectHideFlags: 3
  m_PrefabParentObject: {fileID: 0}
  m_PrefabInternal: {fileID: 0}
  m_Name: 
  m_EffectID: 6de68192a82cada49849cdea7852f764
  m_EffectName: Attenuation
  m_MixLevel: b5b85bbc1d7ba47459dc917ddecc1b2c
  m_Parameters: []
  m_SendTarget: {fileID: 0}
  m_EnableWetMix: 0
  m_Bypass: 0
--- !u!245 &24500003
AudioMixerSnapshotController:
  m_ObjectHideFlags: 0
  m_PrefabParentObject: {fileID: 0}
  m_PrefabInternal: {fileID: 0}
  m_Name: Snapshot
  m_AudioMixer: {fileID: 24100000}
  m_SnapshotID: 7b505e0d2d768d34ab3e497b91e2d94b
  m_FloatValues:
    6c533d313fd8dfd42ab3acaa49bc2039: 0.78
    5b2a46b6d3854634aabaf3801df96205: -0.08374828
    ecd86c875ef80e44eb74bcf1cf2befd5: 1
    b0506258c0492f5469fc0273537c7300: 21992
    99405df8151d4824989c42a8feaec21d: 2.3640969
    5c2868f90e6d08845b2a7bb502196af5: -18.152035
    c289f72aec8ebc44eb8fade882f84f49: -0.7478243
    b669943a8c3411c42a55bb6908eb34b5: 1
    4e48f6dec2513a04a92104ddcbf30d74: 22000
    18883f2f3ca6c0546a750af85cb232ac: 1
  m_TransitionOverrides: {}
--- !u!243 &243000011838390998
AudioMixerGroupController:
  m_ObjectHideFlags: 0
  m_PrefabParentObject: {fileID: 0}
  m_PrefabInternal: {fileID: 0}
  m_Name: effects
  m_AudioMixer: {fileID: 24100000}
  m_GroupID: d7e91da6869677d49a90fea4dc92ba21
  m_Children: []
  m_Volume: 5b2a46b6d3854634aabaf3801df96205
  m_Pitch: 63701d39964d1244fbfa5715888bc7e8
  m_Effects:
  - {fileID: 244000010748428662}
  m_UserColorIndex: 0
  m_Mute: 0
  m_Solo: 0
  m_BypassEffects: 0
--- !u!243 &243000012421610754
AudioMixerGroupController:
  m_ObjectHideFlags: 0
  m_PrefabParentObject: {fileID: 0}
  m_PrefabInternal: {fileID: 0}
  m_Name: music
  m_AudioMixer: {fileID: 24100000}
  m_GroupID: db04bbaf658c9354a96c6768caa5adbd
  m_Children: []
  m_Volume: 5c2868f90e6d08845b2a7bb502196af5
  m_Pitch: 18883f2f3ca6c0546a750af85cb232ac
  m_Effects:
  - {fileID: 244000011094279718}
  - {fileID: 244000011531856250}
  m_UserColorIndex: 0
  m_Mute: 0
  m_Solo: 0
  m_BypassEffects: 0
--- !u!243 &243000014267335322
AudioMixerGroupController:
  m_ObjectHideFlags: 0
  m_PrefabParentObject: {fileID: 0}
  m_PrefabInternal: {fileID: 0}
  m_Name: rain
  m_AudioMixer: {fileID: 24100000}
  m_GroupID: 667c2e39cca49b748a2fd60f4bb5b2b1
  m_Children: []
  m_Volume: c289f72aec8ebc44eb8fade882f84f49
  m_Pitch: 8a00ceefd3fb81e4f9cbb269d5687ae2
  m_Effects:
  - {fileID: 244000013475252150}
  - {fileID: 244000012369740858}
  m_UserColorIndex: 0
  m_Mute: 0
  m_Solo: 0
  m_BypassEffects: 0
--- !u!244 &244000010748428662
AudioMixerEffectController:
  m_ObjectHideFlags: 3
  m_PrefabParentObject: {fileID: 0}
  m_PrefabInternal: {fileID: 0}
  m_Name: 
  m_EffectID: 6050b8b2c17a79b46863dea388fd20c2
  m_EffectName: Attenuation
  m_MixLevel: b7425aa03c30d3d40a3a82c9e3637762
  m_Parameters: []
  m_SendTarget: {fileID: 0}
  m_EnableWetMix: 0
  m_Bypass: 0
--- !u!244 &244000011094279718
AudioMixerEffectController:
  m_ObjectHideFlags: 3
  m_PrefabParentObject: {fileID: 0}
  m_PrefabInternal: {fileID: 0}
  m_Name: 
  m_EffectID: 7a68d2f1366ec9c4c990bda3c0143b42
  m_EffectName: Attenuation
  m_MixLevel: 61c8ec5a671392649aa0a44f94d9ddc4
  m_Parameters: []
  m_SendTarget: {fileID: 0}
  m_EnableWetMix: 0
  m_Bypass: 0
--- !u!244 &244000011531856250
AudioMixerEffectController:
  m_ObjectHideFlags: 3
  m_PrefabParentObject: {fileID: 0}
  m_PrefabInternal: {fileID: 0}
  m_Name: 
  m_EffectID: 58afe55393edb5644ad81c6cf3f6c66c
  m_EffectName: Lowpass
  m_MixLevel: ff2be47919599824bb32cf39f617469a
  m_Parameters:
  - m_ParameterName: Cutoff freq
    m_GUID: b0506258c0492f5469fc0273537c7300
  - m_ParameterName: Resonance
    m_GUID: b669943a8c3411c42a55bb6908eb34b5
  m_SendTarget: {fileID: 0}
  m_EnableWetMix: 0
  m_Bypass: 0
--- !u!244 &244000012369740858
AudioMixerEffectController:
  m_ObjectHideFlags: 3
  m_PrefabParentObject: {fileID: 0}
  m_PrefabInternal: {fileID: 0}
  m_Name: 
  m_EffectID: 68e522ccf803fed4d961f83af985c6f4
  m_EffectName: Lowpass
  m_MixLevel: 25c81c48813fb3b41b479b3167c2ae32
  m_Parameters:
  - m_ParameterName: Cutoff freq
    m_GUID: 4e48f6dec2513a04a92104ddcbf30d74
  - m_ParameterName: Resonance
    m_GUID: d9eb41008abb0324e8bce7e65da2e798
  m_SendTarget: {fileID: 0}
  m_EnableWetMix: 0
  m_Bypass: 0
--- !u!244 &244000013475252150
AudioMixerEffectController:
  m_ObjectHideFlags: 3
  m_PrefabParentObject: {fileID: 0}
  m_PrefabInternal: {fileID: 0}
  m_Name: 
  m_EffectID: f861564ac8a50e14593cef8d1bfbdb49
  m_EffectName: Attenuation
  m_MixLevel: 5591a3d25644bc645914ea899038dc2d
  m_Parameters: []
  m_SendTarget: {fileID: 0}
  m_EnableWetMix: 0
  m_Bypass: 0
